<?xml version="1.0" encoding="UTF-8"?><record xmlns="http://www.loc.gov/MARC21/slim" xmlns:cinclude="http://apache.org/cocoon/include/1.0" xmlns:zs="http://www.loc.gov/zing/srw/">
  <leader>00873cz  a2200205n  4500</leader>
  <controlfield tag="001">n  80061921 </controlfield>
  <controlfield tag="003">DLC</controlfield>
  <controlfield tag="005">20090220080235.0</controlfield>
  <controlfield tag="008">800820n| acannaabn          |b aaa      </controlfield>
  <datafield tag="010" ind1=" " ind2=" ">
    <subfield code="a">n  80061921 </subfield>
  </datafield>
  <datafield tag="035" ind1=" " ind2=" ">
    <subfield code="a">(OCoLC)oca00443589</subfield>
  </datafield>
  <datafield tag="040" ind1=" " ind2=" ">
    <subfield code="a">DLC</subfield>
    <subfield code="b">eng</subfield>
    <subfield code="c">DLC</subfield>
    <subfield code="d">DLC</subfield>
    <subfield code="d">OCoLC</subfield>
  </datafield>
  <datafield tag="100" ind1="1" ind2=" ">
    <subfield code="a">Amemiya, Ryūta</subfield>
  </datafield>
  <datafield tag="400" ind1="1" ind2=" ">
    <subfield code="a">雨宮隆太</subfield>
  </datafield>
  <datafield tag="667" ind1=" " ind2=" ">
    <subfield code="a">Machine-derived non-Latin script reference project.</subfield>
  </datafield>
  <datafield tag="667" ind1=" " ind2=" ">
    <subfield code="a">Non-Latin script reference not evaluated.</subfield>
  </datafield>
  <datafield tag="670" ind1=" " ind2=" ">
    <subfield code="a">Oho, K. Practical fiberopitic bronchoscopy, c1980 (a.e.)</subfield>
    <subfield code="b">t.p. (Ryuta Amemiya; M.D.; instr., Tokyo Medical College)</subfield>
  </datafield>
  <datafield tag="670" ind1=" " ind2=" ">
    <subfield code="a">NLM files, 8/28/87</subfield>
    <subfield code="b">(hdg.: Amemiya, Ryūta; usage: Ryuta Amemiya, Amemiya Ryūta)</subfield>
  </datafield>
  <datafield tag="670" ind1=" " ind2=" ">
    <subfield code="a">Kenkyūsha sōran, shizen, 1984:</subfield>
    <subfield code="b">p. 3990 (Amemiya Ryūta; b. 3/21/47; lectr., Tōkyō Ika Daigaku Igakubu)</subfield>
  </datafield>
  <datafield tag="675" ind1=" " ind2=" ">
    <subfield code="a">Zenkoku daigaku shokuin, 1980;</subfield>
    <subfield code="a">NDL choshamei, 1979.</subfield>
  </datafield>
</record>